@article{saving_attack,
author={Otsuki, Kai and Nakamura, Ryuya and Shudo, Kazuyuki},
journal={IEEE Access},
title={Impact of Saving Attacks on Blockchain Consensus},
year={2021},
volume={9},
number={},
pages={133011-133022},
doi={10.1109/ACCESS.2021.3115131}
}

@article{gossip_sub,
  author    = {Dimitris Vyzovitis and
               Yusef Napora and
               Dirk McCormick and
               David Dias and
               Yiannis Psaras},
  title     = {GossipSub: Attack-Resilient Message Propagation in the Filecoin and
               {ETH2.0} Networks},
  journal   = {CoRR},
  volume    = {abs/2007.02754},
  year      = {2020},
  url       = {https://arxiv.org/abs/2007.02754},
  eprinttype = {arXiv},
  eprint    = {2007.02754},
}

@InProceedings{guarded_gossip,
author="Panchenko, Andriy
and Mitseva, Asya
and Ziemann, Torsten
and Hering, Till",
editor="Garcia-Alfaro, Joaquin
and Li, Shujun
and Poovendran, Radha
and Debar, Herv{\'e}
and Yung, Moti",
title="GuardedGossip: Secure and Anonymous Node Discovery in Untrustworthy Networks",
booktitle="Security and Privacy in Communication Networks",
year="2021",
publisher="Springer International Publishing",
address="Cham",
pages="123--143",
isbn="978-3-030-90019-9"
}

@article{bittorrent,
author = {Cohen, Bram},
year = {2003},
month = {06},
pages = {},
title = {Incentives build robustness in BitTorrent},
volume = {6},
journal = {Workshop on Economics of PeertoPeer systems}
}

@article{bitcoin,
author = {Nakamoto, Satoshi},
year = {2009},
month = {03},
title = {Bitcoin: A Peer-to-Peer Electronic Cash System},
url = {https://bitcoin.org/bitcoin.pdf}
}

@article{open_problems_ds,
author = {Warfield, Andrew and Coady, Yvonne and Hutchinson, Norman},
year = {2001},
month = {05},
pages = {},
title = {Identifying Open Problems in Distributed Systems}
}

@book{ds:book,
    author = {M. van Steen and A.S. Tanenbaum},
    title = {Distributed Systems},
    edition = {3rd ed.},
    year = {2017},
    url = {distributed-systems.net}
}

@book{security_book,
author = {Stallings, William},
address = {Boston},
booktitle = {Cryptography and network security : principles and practice},
edition = {Seventh edition.},
isbn = {9780134444284},
keywords = {Computer networks -- Security measures},
language = {eng},
publisher = {Pearson},
title = {Cryptography and network security : principles and practice },
year = {2017},
}

@misc{tor:censor,
url={https://blog.torproject.org/torprojectorg-blocked-gfw-china-sooner-or-later/}, 
title={Torproject.org Blocked by GFW in China: Sooner or Later?},
year={2008},
urldate={2022-09-13}
} 

@misc{egypt:censor,
url = {https://blog.torproject.org/egypt-internet-censorship/},
title={New OONI {\textnormal{\&}} AFTE Report Details The State of Internet Censorship in Egypt },
year={2018},
urldate={2022-09-13}
}

@misc{tor:directory_spec,
url = {https://gitweb.torproject.org/torspec.git/tree/dir-spec.txt},
title = {Tor Directory Protocol, Version 3},
year = {2018},
urldate={2022-09-13}
}

@misc{crypto:ban,
url={https://www.cbe.org.eg/en/Pages/HighlightsPages/Bitcoin%20Press%20Release.aspx},
title = {Bitcoin Press Release by the Central Bank of Egypt.},
year = {2016},
urldate={2022-09-13}
}

@misc{eth:network,
url={https://ethereum.org/en/developers/docs/networking-layer/#gossip},
title={Netoworking Layer | ethereum.org},
urldate={2022-09-13}
}
@misc{eth2:spec,
url={https://github.com/ethereum/consensus-specs},
title={Ethereum 2.0 Specifications},
urldate={2022-09-13}
}

@inproceedings{chord,
author = {Stoica, Ion and Morris, Robert and Karger, David and Kaashoek, M. Frans and Balakrishnan, Hari},
title = {Chord: A Scalable Peer-to-Peer Lookup Service for Internet Applications},
year = {2001},
isbn = {1581134118},
publisher = {Association for Computing Machinery},
address = {New York, NY, USA},
url = {https://doi.org/10.1145/383059.383071},
doi = {10.1145/383059.383071},
booktitle = {Proceedings of the 2001 Conference on Applications, Technologies, Architectures, and Protocols for Computer Communications},
pages = {149â€“160},
numpages = {12},
location = {San Diego, California, USA},
series = {SIGCOMM '01}
}

@InProceedings{ghost,
author="Sompolinsky, Yonatan
and Zohar, Aviv",
editor="B{\"o}hme, Rainer
and Okamoto, Tatsuaki",
title="Secure High-Rate Transaction Processing in Bitcoin",
booktitle="Financial Cryptography and Data Security",
year="2015",
publisher="Springer Berlin Heidelberg",
address="Berlin, Heidelberg",
pages="507--527",
isbn="978-3-662-47854-7"
}

@article{btc:waste,
title = {Sustainability of bitcoin and blockchains},
journal = {Current Opinion in Environmental Sustainability},
volume = {28},
pages = {1-9},
year = {2017},
note = {Sustainability governance},
issn = {1877-3435},
doi = {https://doi.org/10.1016/j.cosust.2017.04.011},
url = {https://www.sciencedirect.com/science/article/pii/S1877343517300015},
author = {Harald Vranken},
}

@InProceedings{pos,
author="Bentov, Iddo
and Gabizon, Ariel
and Mizrahi, Alex",
editor="Clark, Jeremy
and Meiklejohn, Sarah
and Ryan, Peter Y.A.
and Wallach, Dan
and Brenner, Michael
and Rohloff, Kurt",
title="Cryptocurrencies Without Proof of Work",
booktitle="Financial Cryptography and Data Security",
year="2016",
publisher="Springer Berlin Heidelberg",
address="Berlin, Heidelberg",
pages="142--157",
isbn="978-3-662-53357-4"
}

@InProceedings{pow:origin,
author="Dwork, Cynthia
and Naor, Moni",
editor="Brickell, Ernest F.",
title="Pricing via Processing or Combatting Junk Mail",
booktitle="Advances in Cryptology --- CRYPTO' 92",
year="1993",
publisher="Springer Berlin Heidelberg",
address="Berlin, Heidelberg",
pages="139--147",
isbn="978-3-540-48071-6"
}

@article{casper_ffg,
  author    = {Vitalik Buterin and
               Virgil Griffith},
  title     = {Casper the Friendly Finality Gadget},
  journal   = {CoRR},
  volume    = {abs/1710.09437},
  year      = {2017},
  url       = {http://arxiv.org/abs/1710.09437},
  eprinttype = {arXiv},
  eprint    = {1710.09437},
}

@article{gasper,
  author    = {Vitalik Buterin and
               Diego Hernandez and
               Thor Kamphefner and
               Khiem Pham and
               Zhi Qiao and
               Danny Ryan and
               Juhyeok Sin and
               Ying Wang and
               Yan X. Zhang},
  title     = {Combining {GHOST} and Casper},
  journal   = {CoRR},
  volume    = {abs/2003.03052},
  year      = {2020},
  url       = {https://arxiv.org/abs/2003.03052},
  eprinttype = {arXiv},
  eprint    = {2003.03052},
}

